<record xmlns:xsi="http://www.w3.org/2001/XMLSchema-instance" xmlns="http://www.loc.gov/MARC21/slim" xsi:schemaLocation="http://www.loc.gov/MARC21/slim http://www.loc.gov/standards/marcxml/schema/MARC21slim.xsd">

  <leader>00645nam a2200205Ia 4500</leader>
  <datafield ind2=" " tag="999" ind1=" ">
    <subfield code="c">453</subfield>
    <subfield code="d">453</subfield>
  </datafield>
  <controlfield tag="008">161103b1997    mx ||||| |||| 00| | spa d</controlfield>
  <datafield ind1=" " tag="020" ind2=" ">
    <subfield code="a">9706291407</subfield>
  </datafield>
  <datafield tag="090" ind1=" " ind2=" ">
    <subfield code="a">06.03.04 </subfield>
    <subfield code="a">1073</subfield>
  </datafield>
  <datafield ind1="1" tag="100" ind2=" ">
    <subfield code="a">González Gaudiano, Edgar</subfield>
    <subfield code="9">2047</subfield>
  </datafield>
  <datafield ind2="0" tag="245" ind1="1">
    <subfield code="a">Educación Ambiental: historia y conceptos a veinte años de Tbilisi / </subfield>
    <subfield code="c">Edgar González Gaudiano</subfield>
  </datafield>
  <datafield ind1=" " tag="260" ind2=" ">
    <subfield code="a">México : </subfield>
    <subfield code="b">Sistemas Técnicos de Edición, </subfield>
    <subfield code="c">1997</subfield>
  </datafield>
  <datafield ind2=" " tag="300" ind1=" ">
    <subfield code="a">290 páginas</subfield>
  </datafield>
  <datafield ind2="4" tag="650" ind1="1">
    <subfield code="a">EDUCACIÓN AMBIENTAL </subfield>
    <subfield code="9">439</subfield>
  </datafield>
  <datafield ind2="4" ind1="1" tag="650">
    <subfield code="a">HISTORIA</subfield>
    <subfield code="9">22</subfield>
  </datafield>
  <datafield ind2="4" tag="650" ind1="1">
    <subfield code="a">CULTURA </subfield>
    <subfield code="9">378</subfield>
  </datafield>
  <datafield tag="650" ind1="1" ind2="4">
    <subfield code="a">SOCIEDAD </subfield>
    <subfield code="9">396</subfield>
  </datafield>
  <datafield ind1="1" tag="650" ind2="4">
    <subfield code="a">ESCUELAS</subfield>
  </datafield>
  <datafield tag="650" ind1="1" ind2="4">
    <subfield code="a">DESARROLLO  SOSTENIBLE</subfield>
    <subfield code="9">443</subfield>
  </datafield>
  <datafield ind2=" " tag="942" ind1=" ">
    <subfield code="2">z</subfield>
    <subfield code="c">01</subfield>
  </datafield>
</record>